% Encoding: UTF-8

@Book{8820304694,
  author    = {Ghersi, Italo},
  title     = {Matematica dilettevole e curiosa},
  year      = {1988},
  language  = {Italiano},
  publisher = {Hoepli},
  isbn      = {8820304694},
}

@Online{A000045,
  author       = {di Fibonacci, Successione},
  title        = {A000045},
  year         = {2018},
  url          = {http://oeis.org/A000045},
  organization = {The On-Line Encyclopedia of Integer Sequences},
  urldate      = {2018-01-08},
  owner        = {Claudio Duchi},
}

@Online{A000040,
  author       = {primi, Numeri},
  title        = {A000040},
  year         = {2018},
  url          = {http://oeis.org/A000040},
  organization = {The On-Line Encyclopedia of Integer Sequences},
  urldate      = {2018-01-08},
  owner        = {Claudio Duchi},
}

@Online{A094343,
  author       = {primi cugini, Numeri},
  title        = {A094343},
  year         = {2018},
  date         = {2018-01-13},
  url          = {http://oeis.org/A094343},
  subtitle     = {P,P+4},
  organization = {The On-Line Encyclopedia of Integer Sequences},
  urldate      = {2018-01-13},
  owner        = {Claudio Duchi},
}

@Online{A077800,
  author       = {primi gemelli, Numeri},
  title        = {A077800},
  year         = {2018},
  date         = {2018-01-13},
  url          = {http://oeis.org/A023200},
  subtitle     = {p, p+2},
  note         = {P, p+2},
  organization = {The On-Line Encyclopedia of Integer Sequences},
  urldate      = {2018-01-13},
  owner        = {Claudio Duchi},
}

@Online{A000032,
  author       = {di Lucas, Successione},
  title        = {A000032},
  year         = {2018},
  date         = {2018-01-12},
  url          = {https://oeis.org/A000032},
  organization = {The On-Line Encyclopedia of Integer Sequences},
  urldate      = {2018-01-12},
  owner        = {Claudio Duchi},
  timestamp    = {2018-01-12},
}

@Online{A000142,
  author       = {fattoriali, Numeri},
  title        = {A000142},
  year         = {2018},
  date         = {2018-01-12},
  url          = {https://oeis.org/A000142},
  organization = {The On-Line Encyclopedia of Integer Sequences},
  urldate      = {2018-01-12},
  owner        = {Claudio Duchi},
  timestamp    = {2018-01-12},
}

@Online{A000010,
  author       = {phi di Eulero, Funzione},
  title        = {A000010},
  year         = {2018},
  date         = {2018-01-12},
  url          = {https://oeis.org/A000010},
  organization = {The On-Line Encyclopedia of Integer Sequences},
  urldate      = {2018-01-12},
  owner        = {Claudio Duchi},
  timestamp    = {2018-01-12},
}

@Online{A023201,
  author       = {primi sexy, Numeri},
  title        = {A023201},
  year         = {2018},
  date         = {2018-01-13},
  url          = {https://oeis.org/A023201},
  subtitle     = {p,p+6},
  organization = {The On-Line Encyclopedia of Integer Sequences},
  urldate      = {2018-01-13},
}

@Comment{jabref-meta: databaseType:biblatex;}
